@book{1,
    title = "The Elements of Typographic Style",
    publisher = "Hartley \& Marks Publishers",
    author = "Robert Bringhurst",
    year = 1997,
    isbn = "0-88179-133-4"
}

@electronic{2,
    title = "User Interface Design in Modern Web Applications",
    url = "http://www.smashingmagazine.com/pdfs/sm-book-chapter1.pdf"
}

@electronic{3,
    title = "UI vs UX: What's the difference?",
    url = "http://www.webdesignerdepot.com/2012/06/ui-vs-ux-whats-the-difference"
}

@electronic{4,
    title = "Understanding User Experience and User Interface.",
    url = "http://www.practicalecommerce.com/articles/3902-Understanding-User-Experience-vs-User-Interface"
}

@electronic{5,
    title = "Following A Web Design Process",
    url = "http://www.smashingmagazine.com/2011/06/22/following-a-web-design-process"
}

@electronic{6,
    author = "Oliver Reichenstein",
    title = "Responsive Typography: The Basics",
    url = "http://ia.net/blog/responsive-typography-the-basics"
}

@electronic{7,
    author = "Oliver Reichenstein",
    title = "Web Design is 95\% Typography",
    url = "http://ia.net/blog/the-web-is-all-about-typography-period"
}

@electronic{8,
    title = "What is design",
    url = "http://www.mech.hku.hk/bse/interdisciplinary/what_is_design.pdf"
}

@masterthesis{9,
    author = "Vítězslav Švalbach",
    title = "Typografie",
    school = "Masarykova univerzita",
    address = "Brno",
    year = 2011
}

@electronic{10,
    title = "Applying Macrotypography For A More Readable Web Page",
    url = "http://www.smashingmagazine.com/2012/05/02/applying-macrotypography-for-readable-web-page"
}

@electronic{11,
    title = "Blink: The Stress of Reading",
    url = "http://www.eyemagazine.com/opinion/article/eye-strain"
}

@electronic{12,
    author = "Paul Scrivens",
    title = "One More Time: Typography Is The Foundation Of Web Design",
    url = "http://www.smashingmagazine.com/2012/07/24/one-more-time-typography-is-the-foundation-of-web-design"
}

@electronic{13,
    title = "16 Pixels For Body Copy.",
    url = "http://www.smashingmagazine.com/2011/10/07/16-pixels-body-copy-anything-less-costly-mistake"
}

@masterthesis{14,
    title = "Markup Languages",
    school = "Masarykova univerzita",
    address = "Brno",
    year = 2011,
    note = "PB138"
}

@electronic{15,
    author = "John Polacek",
    title = "What The Hack Is Responsive Design?",
    url = "http://johnpolacek.github.io/scrolldeck.js/decks/responsive"
}

@electronic{16,
    title = "Web Style Sheets",
    url = "http://www.w3.org/Style/Overview.html"
}

@electronic{17,
    title = "HTML 5.1 Nightly",
    url = "http://www.w3.org/html/wg/drafts/html/master"
}

@electronic{18,
    author = "Martin Malý",
    title = "LESS: stejné CSS za méně peněz",
    url = "http://www.zdrojak.cz/clanky/less-stejne-css-za-mene-penez"
}

@electronic{19,
    author = "Mark Otto and Jacob Thornton",
    title = "Twitter Bootstrap",
    url = "http://twitter.github.io/bootstrap/index.html"
}

@electronic{20,
    title = "The Web Layer -- Reference Documentation",
    url = "http://grails.org/doc/2.0.x/guide/theWebLayer.html"
}

